[gd_scene load_steps=6 format=2]

[ext_resource path="res://scripts/Statistics.gd" type="Script" id=1]
[ext_resource path="res://fonts/font_headings.tres" type="DynamicFont" id=2]
[ext_resource path="res://fonts/font_text.tres" type="DynamicFont" id=3]
[ext_resource path="res://fonts/font_buttons.tres" type="DynamicFont" id=4]

[sub_resource type="Animation" id=1]

resource_name = "Statistics"
length = 13.0
loop = false
step = 0.1
tracks/0/type = "value"
tracks/0/path = NodePath("Label_Title:modulate")
tracks/0/interp = 1
tracks/0/loop_wrap = true
tracks/0/imported = false
tracks/0/enabled = true
tracks/0/keys = {
"times": PoolRealArray( -9.68575e-008, 4 ),
"transitions": PoolRealArray( 1, 1 ),
"update": 0,
"values": [ Color( 1, 1, 1, 0 ), Color( 1, 1, 1, 1 ) ]
}
tracks/1/type = "value"
tracks/1/path = NodePath("Grid_Statistics:modulate")
tracks/1/interp = 1
tracks/1/loop_wrap = true
tracks/1/imported = false
tracks/1/enabled = true
tracks/1/keys = {
"times": PoolRealArray( 0, 6, 7, 8 ),
"transitions": PoolRealArray( 1, 1, 1, 1 ),
"update": 0,
"values": [ Color( 1, 1, 1, 0 ), Color( 1, 1, 1, 0 ), Color( 1, 1, 1, 0 ), Color( 1, 1, 1, 1 ) ]
}
tracks/2/type = "value"
tracks/2/path = NodePath("Button_Finish:modulate")
tracks/2/interp = 1
tracks/2/loop_wrap = true
tracks/2/imported = false
tracks/2/enabled = true
tracks/2/keys = {
"times": PoolRealArray( 0, 6, 8, 9 ),
"transitions": PoolRealArray( 1, 1, 1, 1 ),
"update": 0,
"values": [ Color( 1, 1, 1, 0 ), Color( 1, 1, 1, 0 ), Color( 1, 1, 1, 0 ), Color( 1, 1, 1, 1 ) ]
}
tracks/3/type = "value"
tracks/3/path = NodePath("Label_Title:rect_position")
tracks/3/interp = 1
tracks/3/loop_wrap = true
tracks/3/imported = false
tracks/3/enabled = true
tracks/3/keys = {
"times": PoolRealArray( 0, 5.5, 7.1, 9 ),
"transitions": PoolRealArray( 1, 2, 0.5, 1 ),
"update": 0,
"values": [ Vector2( 0, 420 ), Vector2( 0, 420 ), Vector2( 0, 200 ), Vector2( 0, 20 ) ]
}

[node name="Statistics" type="Control"]
anchor_left = 0.0
anchor_top = 0.0
anchor_right = 1.0
anchor_bottom = 1.0
rect_pivot_offset = Vector2( 0, 0 )
rect_clip_content = false
mouse_filter = 0
mouse_default_cursor_shape = 0
size_flags_horizontal = 1
size_flags_vertical = 1
script = ExtResource( 1 )
_sections_unfolded = [ "Script" ]

[node name="Label_Title" type="Label" parent="."]
modulate = Color( 1, 1, 1, 2.42144e-008 )
anchor_left = 0.0
anchor_top = 0.0
anchor_right = 1.0
anchor_bottom = 0.0
margin_top = 420.0
margin_bottom = 470.0
rect_pivot_offset = Vector2( 0, 0 )
rect_clip_content = false
mouse_filter = 2
mouse_default_cursor_shape = 0
size_flags_horizontal = 1
size_flags_vertical = 4
custom_fonts/font = ExtResource( 2 )
custom_colors/font_color = Color( 0.392157, 0.392157, 0.392157, 1 )
text = "The End"
align = 1
valign = 2
percent_visible = 1.0
lines_skipped = 0
max_lines_visible = -1
_sections_unfolded = [ "Rect", "custom_colors", "custom_constants", "custom_fonts" ]

[node name="Grid_Statistics" type="GridContainer" parent="."]
modulate = Color( 1, 1, 1, 0 )
anchor_left = 0.5
anchor_top = 0.5
anchor_right = 0.5
anchor_bottom = 0.5
margin_left = -119.0
margin_top = -74.0
margin_right = 119.0
margin_bottom = 74.0
rect_pivot_offset = Vector2( 0, 0 )
rect_clip_content = false
mouse_filter = 1
mouse_default_cursor_shape = 0
size_flags_horizontal = 1
size_flags_vertical = 1
custom_constants/hseparation = 10
columns = 2
_sections_unfolded = [ "Rect", "custom_constants" ]

[node name="Label_Shots_Label" type="Label" parent="Grid_Statistics"]
anchor_left = 0.0
anchor_top = 0.0
anchor_right = 0.0
anchor_bottom = 0.0
margin_right = 160.0
margin_bottom = 34.0
rect_min_size = Vector2( 120, 0 )
rect_pivot_offset = Vector2( 0, 0 )
rect_clip_content = false
mouse_filter = 2
mouse_default_cursor_shape = 0
size_flags_horizontal = 1
size_flags_vertical = 4
custom_fonts/font = ExtResource( 3 )
custom_colors/font_color = Color( 0.392157, 0.392157, 0.392157, 1 )
text = "Shots hit/fired: "
align = 2
percent_visible = 1.0
lines_skipped = 0
max_lines_visible = -1
_sections_unfolded = [ "Rect", "custom_colors", "custom_fonts" ]

[node name="Label_Shots_Value" type="Label" parent="Grid_Statistics"]
anchor_left = 0.0
anchor_top = 0.0
anchor_right = 0.0
anchor_bottom = 0.0
margin_left = 170.0
margin_right = 238.0
margin_bottom = 34.0
rect_min_size = Vector2( 60, 0 )
rect_pivot_offset = Vector2( 0, 0 )
rect_clip_content = false
mouse_filter = 2
mouse_default_cursor_shape = 0
size_flags_horizontal = 1
size_flags_vertical = 4
custom_fonts/font = ExtResource( 3 )
custom_colors/font_color = Color( 0.392157, 0.392157, 0.392157, 1 )
text = "20/25"
percent_visible = 1.0
lines_skipped = 0
max_lines_visible = -1
_sections_unfolded = [ "Rect", "custom_colors", "custom_fonts" ]

[node name="Label_Accuracy_Label" type="Label" parent="Grid_Statistics"]
anchor_left = 0.0
anchor_top = 0.0
anchor_right = 0.0
anchor_bottom = 0.0
margin_top = 38.0
margin_right = 160.0
margin_bottom = 72.0
rect_min_size = Vector2( 120, 0 )
rect_pivot_offset = Vector2( 0, 0 )
rect_clip_content = false
mouse_filter = 2
mouse_default_cursor_shape = 0
size_flags_horizontal = 1
size_flags_vertical = 4
custom_fonts/font = ExtResource( 3 )
custom_colors/font_color = Color( 0.392157, 0.392157, 0.392157, 1 )
text = "Accuracy: "
align = 2
percent_visible = 1.0
lines_skipped = 0
max_lines_visible = -1
_sections_unfolded = [ "Rect", "custom_colors", "custom_fonts" ]

[node name="Label_Accuracy_Value" type="Label" parent="Grid_Statistics"]
anchor_left = 0.0
anchor_top = 0.0
anchor_right = 0.0
anchor_bottom = 0.0
margin_left = 170.0
margin_top = 38.0
margin_right = 238.0
margin_bottom = 72.0
rect_pivot_offset = Vector2( 0, 0 )
rect_clip_content = false
mouse_filter = 2
mouse_default_cursor_shape = 0
size_flags_horizontal = 1
size_flags_vertical = 4
custom_fonts/font = ExtResource( 3 )
custom_colors/font_color = Color( 0.392157, 0.392157, 0.392157, 1 )
text = "80%"
percent_visible = 1.0
lines_skipped = 0
max_lines_visible = -1
_sections_unfolded = [ "custom_colors", "custom_fonts" ]

[node name="Label_EnemiesKilled_Label" type="Label" parent="Grid_Statistics"]
anchor_left = 0.0
anchor_top = 0.0
anchor_right = 0.0
anchor_bottom = 0.0
margin_top = 76.0
margin_right = 160.0
margin_bottom = 110.0
rect_pivot_offset = Vector2( 0, 0 )
rect_clip_content = false
mouse_filter = 2
mouse_default_cursor_shape = 0
size_flags_horizontal = 1
size_flags_vertical = 4
custom_fonts/font = ExtResource( 3 )
custom_colors/font_color = Color( 0.392157, 0.392157, 0.392157, 1 )
text = "Enemies killed:"
align = 2
percent_visible = 1.0
lines_skipped = 0
max_lines_visible = -1
_sections_unfolded = [ "custom_colors", "custom_fonts" ]

[node name="Label_EnemiesKilled_Value" type="Label" parent="Grid_Statistics"]
anchor_left = 0.0
anchor_top = 0.0
anchor_right = 0.0
anchor_bottom = 0.0
margin_left = 170.0
margin_top = 76.0
margin_right = 238.0
margin_bottom = 110.0
rect_pivot_offset = Vector2( 0, 0 )
rect_clip_content = false
mouse_filter = 2
mouse_default_cursor_shape = 0
size_flags_horizontal = 1
size_flags_vertical = 4
custom_fonts/font = ExtResource( 3 )
custom_colors/font_color = Color( 0.392157, 0.392157, 0.392157, 1 )
text = "28"
percent_visible = 1.0
lines_skipped = 0
max_lines_visible = -1
_sections_unfolded = [ "custom_colors", "custom_fonts" ]

[node name="Label_TimesDied_Label" type="Label" parent="Grid_Statistics"]
anchor_left = 0.0
anchor_top = 0.0
anchor_right = 0.0
anchor_bottom = 0.0
margin_top = 114.0
margin_right = 160.0
margin_bottom = 148.0
rect_pivot_offset = Vector2( 0, 0 )
rect_clip_content = false
mouse_filter = 2
mouse_default_cursor_shape = 0
size_flags_horizontal = 1
size_flags_vertical = 4
custom_fonts/font = ExtResource( 3 )
custom_colors/font_color = Color( 0.392157, 0.392157, 0.392157, 1 )
text = "Times died:"
align = 2
percent_visible = 1.0
lines_skipped = 0
max_lines_visible = -1
_sections_unfolded = [ "custom_colors", "custom_fonts" ]

[node name="Label_TimesDied_Value" type="Label" parent="Grid_Statistics"]
anchor_left = 0.0
anchor_top = 0.0
anchor_right = 0.0
anchor_bottom = 0.0
margin_left = 170.0
margin_top = 114.0
margin_right = 238.0
margin_bottom = 148.0
rect_pivot_offset = Vector2( 0, 0 )
rect_clip_content = false
mouse_filter = 2
mouse_default_cursor_shape = 0
size_flags_horizontal = 1
size_flags_vertical = 4
custom_fonts/font = ExtResource( 3 )
custom_colors/font_color = Color( 0.392157, 0.392157, 0.392157, 1 )
text = "4"
percent_visible = 1.0
lines_skipped = 0
max_lines_visible = -1
_sections_unfolded = [ "custom_colors", "custom_fonts" ]

[node name="Button_Finish" type="Button" parent="."]
modulate = Color( 1, 1, 1, 0 )
anchor_left = 0.5
anchor_top = 1.0
anchor_right = 0.5
anchor_bottom = 1.0
margin_left = -92.0
margin_top = -81.0
margin_right = 92.0
margin_bottom = -50.0
rect_pivot_offset = Vector2( 0, 0 )
rect_clip_content = false
focus_mode = 2
mouse_filter = 0
mouse_default_cursor_shape = 0
size_flags_horizontal = 0
size_flags_vertical = 1
custom_fonts/font = ExtResource( 4 )
custom_colors/font_color = Color( 0.392157, 0.392157, 0.392157, 1 )
toggle_mode = false
enabled_focus_mode = 2
shortcut = null
group = null
text = "Finish"
flat = true
align = 1
_sections_unfolded = [ "Margin", "Size Flags", "custom_colors", "custom_fonts" ]

[node name="AnimationPlayer" type="AnimationPlayer" parent="."]
root_node = NodePath("..")
autoplay = ""
playback_process_mode = 1
playback_default_blend_time = 0.0
playback_speed = 1.0
anims/Statistics = SubResource( 1 )
blend_times = [  ]

[connection signal="pressed" from="Button_Finish" to="." method="finish"]
