[gd_scene load_steps=8 format=2]

[ext_resource path="res://scripts/player/Legs1.gd" type="Script" id=1]
[ext_resource path="res://sprites/player_bits/legs1-1.png" type="Texture" id=2]
[ext_resource path="res://sprites/player_bits/legs1-2.png" type="Texture" id=3]
[ext_resource path="res://sprites/player_bits/legs1-3.png" type="Texture" id=4]
[ext_resource path="res://sprites/player_bits/legs1-4.png" type="Texture" id=5]
[ext_resource path="res://sprites/player_bits/legs1-5.png" type="Texture" id=6]

[sub_resource type="SpriteFrames" id=1]

animations = [ {
"frames": [ ExtResource( 2 ), ExtResource( 3 ), ExtResource( 4 ), ExtResource( 3 ), ExtResource( 2 ), ExtResource( 5 ), ExtResource( 6 ), ExtResource( 5 ) ],
"loop": true,
"name": "default",
"speed": 10.0
} ]

[node name="Legs" type="Node2D"]
script = ExtResource( 1 )
_sections_unfolded = [ "Script" ]

[node name="AnimatedSprite" type="AnimatedSprite" parent="."]
frames = SubResource( 1 )
animation = "default"
frame = 3
playing = true
_sections_unfolded = [ "frames" ]

