[gd_scene load_steps=12 format=2]

[ext_resource path="res://scripts/Shot.gd" type="Script" id=1]
[ext_resource path="res://sprites/player_bits/shot2-1.png" type="Texture" id=2]
[ext_resource path="res://sprites/player_bits/shot2-2.png" type="Texture" id=3]
[ext_resource path="res://sprites/player_bits/shot2-3.png" type="Texture" id=4]
[ext_resource path="res://sprites/player_bits/shot2-4.png" type="Texture" id=5]

[sub_resource type="CanvasItemMaterial" id=1]

render_priority = 0
blend_mode = 1
light_mode = 0

[sub_resource type="Gradient" id=2]

offsets = PoolRealArray( 0, 1 )
colors = PoolColorArray( 0.40625, 1, 0.499023, 1, 0, 0, 0, 1 )

[sub_resource type="GradientTexture" id=3]

flags = 4
gradient = SubResource( 2 )
width = 2
_sections_unfolded = [ "gradient" ]

[sub_resource type="ParticlesMaterial" id=4]

render_priority = 0
trail_divisor = 1
emission_shape = 0
flag_align_y = false
flag_rotate_y = false
flag_disable_z = true
spread = 180.0
flatness = 1.0
gravity = Vector3( 0, 0, 0 )
initial_velocity = 6.0
initial_velocity_random = 0.0
angular_velocity = 0.01
angular_velocity_random = 0.0
orbit_velocity = 0.0
orbit_velocity_random = 0.0
linear_accel = 0.0
linear_accel_random = 0.0
radial_accel = 0.0
radial_accel_random = 0.0
tangential_accel = 0.0
tangential_accel_random = 0.0
damping = 0.0
damping_random = 0.0
angle = 0.0
angle_random = 0.0
scale = 1.0
scale_random = 0.0
color_ramp = SubResource( 3 )
hue_variation = 0.0
hue_variation_random = 0.0
anim_speed = 0.0
anim_speed_random = 0.0
anim_offset = 0.0
anim_offset_random = 0.0
anim_loop = false
_sections_unfolded = [ "Color", "Emission Shape", "Initial Velocity", "Spread", "Trail", "color_ramp" ]

[sub_resource type="SpriteFrames" id=5]

animations = [ {
"frames": [ ExtResource( 2 ), ExtResource( 3 ), ExtResource( 4 ), ExtResource( 5 ) ],
"loop": true,
"name": "default",
"speed": 16.0
} ]
_sections_unfolded = [ "Resource" ]

[sub_resource type="CircleShape2D" id=6]

custom_solver_bias = 0.0
radius = 2.35162

[node name="Shot" type="Area2D" groups=[
"player_shot",
]]
input_pickable = true
gravity_vec = Vector2( 0, 1 )
gravity = 98.0
linear_damp = 0.1
angular_damp = 1.0
audio_bus_override = false
audio_bus_name = "Master"
script = ExtResource( 1 )
_sections_unfolded = [ "Angular", "Linear", "Script" ]

[node name="Particles2D" type="Particles2D" parent="."]
material = SubResource( 1 )
emitting = true
amount = 20
lifetime = 1.0
one_shot = false
preprocess = 0.0
speed_scale = 1.0
explosiveness = 0.0
randomness = 0.0
fixed_fps = 0
fract_delta = true
visibility_rect = Rect2( -100, -100, 200, 200 )
local_coords = false
draw_order = 0
process_material = SubResource( 4 )
texture = null
normal_map = null
h_frames = 1
v_frames = 1
_sections_unfolded = [ "Drawing", "Material", "Process Material", "Time", "material" ]

[node name="AnimatedSprite" type="AnimatedSprite" parent="."]
frames = SubResource( 5 )
animation = "default"
playing = true
_sections_unfolded = [ "Script" ]

[node name="CollisionShape2D" type="CollisionShape2D" parent="."]
shape = SubResource( 6 )

