[gd_scene load_steps=23 format=2]

[ext_resource path="res://materials/Enemy.tres" type="Material" id=1]
[ext_resource path="res://scripts/enemies/Spinner.gd" type="Script" id=2]
[ext_resource path="res://sprites/enemies/spinner/spinner-1.png" type="Texture" id=3]
[ext_resource path="res://sprites/enemies/spinner/spinner-2.png" type="Texture" id=4]
[ext_resource path="res://sprites/enemies/spinner/spinner-3.png" type="Texture" id=5]
[ext_resource path="res://sprites/enemies/spinner/spinner-4.png" type="Texture" id=6]
[ext_resource path="res://sprites/enemies/spinner/spinner-5.png" type="Texture" id=7]
[ext_resource path="res://sprites/enemies/spinner/spinner-6.png" type="Texture" id=8]
[ext_resource path="res://sprites/enemies/spinner/spinner-7.png" type="Texture" id=9]
[ext_resource path="res://sprites/enemies/spinner/spinner-8.png" type="Texture" id=10]
[ext_resource path="res://sprites/enemies/spinner/spinner-9.png" type="Texture" id=11]
[ext_resource path="res://sprites/enemies/spinner/spinner-10.png" type="Texture" id=12]
[ext_resource path="res://sprites/enemies/spinner/spinner-11.png" type="Texture" id=13]
[ext_resource path="res://sprites/enemies/spinner/spinner-12.png" type="Texture" id=14]
[ext_resource path="res://sprites/enemies/spinner/spinner-13.png" type="Texture" id=15]
[ext_resource path="res://sprites/enemies/spinner/spinner-14.png" type="Texture" id=16]
[ext_resource path="res://sprites/enemies/spinner/spinner-15.png" type="Texture" id=17]
[ext_resource path="res://sprites/enemies/spinner/spinner-16.png" type="Texture" id=18]
[ext_resource path="res://sounds/enemy_hit.ogg" type="AudioStream" id=19]
[ext_resource path="res://sounds/enemies/spinner/fire.ogg" type="AudioStream" id=20]

[sub_resource type="SpriteFrames" id=1]

animations = [ {
"frames": [ ExtResource( 3 ) ],
"loop": false,
"name": "dive",
"speed": 5.0
}, {
"frames": [ ExtResource( 3 ), ExtResource( 4 ), ExtResource( 5 ), ExtResource( 6 ), ExtResource( 7 ), ExtResource( 8 ), ExtResource( 9 ), ExtResource( 10 ), ExtResource( 11 ), ExtResource( 12 ), ExtResource( 13 ), ExtResource( 14 ), ExtResource( 15 ), ExtResource( 16 ), ExtResource( 17 ), ExtResource( 18 ) ],
"loop": true,
"name": "spin",
"speed": 15.0
} ]

[sub_resource type="CircleShape2D" id=2]

custom_solver_bias = 0.0
radius = 5.30279

[node name="Spinner" type="Area2D"]
material = ExtResource( 1 )
input_pickable = true
gravity_vec = Vector2( 0, 1 )
gravity = 98.0
linear_damp = 0.1
angular_damp = 1.0
audio_bus_override = false
audio_bus_name = "Master"
script = ExtResource( 2 )
_sections_unfolded = [ "Material", "Script", "Transform", "Z Index" ]

[node name="AnimatedSprite" type="AnimatedSprite" parent="."]
use_parent_material = true
frames = SubResource( 1 )
animation = "dive"
playing = true
_sections_unfolded = [ "Material", "Script", "Transform", "frames" ]

[node name="CollisionPolygon2D" type="CollisionShape2D" parent="."]
visible = false
shape = SubResource( 2 )

[node name="Audio_Hit" type="AudioStreamPlayer2D" parent="."]
stream = ExtResource( 19 )
volume_db = 0.0
pitch_scale = 2.0
autoplay = false
stream_paused = false
max_distance = 2000.0
attenuation = 1.0
bus = "SFX"
area_mask = 1

[node name="Timer" type="Timer" parent="."]
process_mode = 1
wait_time = 1.0
one_shot = true
autostart = false

[node name="Audio_Fire" type="AudioStreamPlayer2D" parent="."]
stream = ExtResource( 20 )
volume_db = -5.0
pitch_scale = 1.0
autoplay = false
stream_paused = false
max_distance = 2000.0
attenuation = 1.0
bus = "SFX"
area_mask = 1

[connection signal="area_entered" from="." to="." method="_area_entered"]
