[gd_scene load_steps=12 format=2]

[ext_resource path="res://materials/Enemy.tres" type="Material" id=1]
[ext_resource path="res://scripts/enemies/Watcher.gd" type="Script" id=2]
[ext_resource path="res://sprites/enemies/watcher/eyeball.png" type="Texture" id=3]
[ext_resource path="res://sprites/enemies/watcher/open1.png" type="Texture" id=4]
[ext_resource path="res://sprites/enemies/watcher/open2.png" type="Texture" id=5]
[ext_resource path="res://sprites/enemies/watcher/open3.png" type="Texture" id=6]
[ext_resource path="res://sprites/enemies/watcher/closed.png" type="Texture" id=7]
[ext_resource path="res://sounds/enemies/asteroid/hit.ogg" type="AudioStream" id=8]
[ext_resource path="res://sounds/enemies/watcher/watching.ogg" type="AudioStream" id=9]

[sub_resource type="SpriteFrames" id=1]

animations = [ {
"frames": [ ExtResource( 4 ), ExtResource( 5 ), ExtResource( 6 ) ],
"loop": false,
"name": "open",
"speed": 3.0
}, {
"frames": [ ExtResource( 7 ) ],
"loop": true,
"name": "closed",
"speed": 5.0
} ]

[sub_resource type="CircleShape2D" id=2]

custom_solver_bias = 0.0
radius = 8.00239

[node name="Watcher" type="Area2D"]
material = ExtResource( 1 )
input_pickable = true
gravity_vec = Vector2( 0, 1 )
gravity = 98.0
linear_damp = 0.1
angular_damp = 1.0
audio_bus_override = false
audio_bus_name = "Master"
script = ExtResource( 2 )
_sections_unfolded = [ "Collision", "Material", "Script", "material" ]

[node name="Sprite_Eyeball" type="Sprite" parent="."]
use_parent_material = true
position = Vector2( 0.330551, 0.110184 )
texture = ExtResource( 3 )
_sections_unfolded = [ "Material", "Visibility" ]

[node name="AnimatedSprite_Eyelid" type="AnimatedSprite" parent="."]
frames = SubResource( 1 )
animation = "closed"
playing = true
_sections_unfolded = [ "frames" ]

[node name="Audio_Hit" type="AudioStreamPlayer2D" parent="."]
stream = ExtResource( 8 )
volume_db = 0.0
pitch_scale = 1.0
autoplay = false
stream_paused = false
max_distance = 2000.0
attenuation = 1.0
bus = "SFX"
area_mask = 1

[node name="Audio_Watching" type="AudioStreamPlayer2D" parent="."]
stream = ExtResource( 9 )
volume_db = 2.0
pitch_scale = 1.0
autoplay = false
stream_paused = false
max_distance = 2000.0
attenuation = 0.420448
bus = "SFX"
area_mask = 1

[node name="CollisionShape2D" type="CollisionShape2D" parent="."]
shape = SubResource( 2 )

[node name="Timer_Leave" type="Timer" parent="."]
process_mode = 1
wait_time = 10.0
one_shot = true
autostart = false

[connection signal="area_entered" from="." to="." method="_area_entered"]
[connection signal="timeout" from="Timer_Leave" to="." method="_leave"]
