[gd_scene load_steps=8 format=2]

[ext_resource path="res://scripts/ui/ModeSelector.gd" type="Script" id=1]
[ext_resource path="res://fonts/font_headings.tres" type="DynamicFont" id=2]
[ext_resource path="res://fonts/font_text.tres" type="DynamicFont" id=3]
[ext_resource path="res://fonts/font_buttons.tres" type="DynamicFont" id=4]
[ext_resource path="res://sounds/ui/mouseover.ogg" type="AudioStream" id=5]
[ext_resource path="res://sounds/ui/select.ogg" type="AudioStream" id=6]

[sub_resource type="CanvasItemMaterial" id=1]

render_priority = 0
blend_mode = 1
light_mode = 0

[node name="ModeSelector" type="Control"]
anchor_left = 0.5
anchor_top = 0.5
anchor_right = 0.5
anchor_bottom = 0.5
margin_left = -270.0
margin_top = -480.0
margin_right = 270.0
margin_bottom = 480.0
rect_pivot_offset = Vector2( 0, 0 )
rect_clip_content = false
mouse_filter = 0
mouse_default_cursor_shape = 0
size_flags_horizontal = 1
size_flags_vertical = 1
script = ExtResource( 1 )
_sections_unfolded = [ "Material", "Script" ]

[node name="Label_Title" type="Label" parent="."]
material = SubResource( 1 )
anchor_left = 0.0
anchor_top = 0.0
anchor_right = 1.0
anchor_bottom = 0.0
margin_top = 30.0
margin_bottom = 14.0
rect_pivot_offset = Vector2( 0, 0 )
rect_clip_content = false
mouse_filter = 2
mouse_default_cursor_shape = 0
size_flags_horizontal = 1
size_flags_vertical = 4
custom_fonts/font = ExtResource( 2 )
custom_colors/font_color = Color( 0.588235, 0.784314, 0.588235, 1 )
text = "Select Mode"
align = 1
percent_visible = 1.0
lines_skipped = 0
max_lines_visible = -1
_sections_unfolded = [ "Margin", "Material", "Rect", "custom_colors", "custom_fonts", "material" ]

[node name="Center" type="CenterContainer" parent="."]
anchor_left = 0.0
anchor_top = 0.0
anchor_right = 1.0
anchor_bottom = 1.0
margin_top = 78.0
margin_bottom = -107.0
rect_pivot_offset = Vector2( 0, 0 )
rect_clip_content = false
mouse_filter = 0
mouse_default_cursor_shape = 0
size_flags_horizontal = 1
size_flags_vertical = 1
use_top_left = false

[node name="VBox_Modes" type="VBoxContainer" parent="Center"]
anchor_left = 0.0
anchor_top = 0.0
anchor_right = 0.0
anchor_bottom = 0.0
margin_left = 270.0
margin_top = 387.0
margin_right = 270.0
margin_bottom = 387.0
rect_pivot_offset = Vector2( 0, 0 )
rect_clip_content = false
mouse_filter = 1
mouse_default_cursor_shape = 0
size_flags_horizontal = 1
size_flags_vertical = 1
custom_constants/separation = 20
alignment = 0
_sections_unfolded = [ "custom_constants" ]

[node name="Label_Description" type="Label" parent="."]
anchor_left = 0.0
anchor_top = 1.0
anchor_right = 1.0
anchor_bottom = 1.0
margin_left = 20.0
margin_top = -243.0
margin_right = -20.0
margin_bottom = -89.0
rect_pivot_offset = Vector2( 0, 0 )
rect_clip_content = false
mouse_filter = 2
mouse_default_cursor_shape = 0
size_flags_horizontal = 1
size_flags_vertical = 4
custom_fonts/font = ExtResource( 3 )
custom_colors/font_color = Color( 0.588235, 0.784314, 0.588235, 1 )
valign = 2
autowrap = true
percent_visible = 1.0
lines_skipped = 0
max_lines_visible = -1
_sections_unfolded = [ "Margin", "custom_colors", "custom_fonts" ]

[node name="Button_Back" type="Button" parent="."]
anchor_left = 0.5
anchor_top = 1.0
anchor_right = 0.5
anchor_bottom = 1.0
margin_left = -48.0
margin_top = -60.0
margin_right = 48.0
margin_bottom = -20.0
rect_pivot_offset = Vector2( 0, 0 )
rect_clip_content = false
focus_mode = 2
mouse_filter = 0
mouse_default_cursor_shape = 0
size_flags_horizontal = 1
size_flags_vertical = 1
custom_fonts/font = ExtResource( 4 )
custom_colors/font_color = Color( 0.588235, 0.784314, 0.588235, 1 )
toggle_mode = false
enabled_focus_mode = 2
shortcut = null
group = null
text = "Back"
flat = true
align = 1
_sections_unfolded = [ "Margin", "Rect", "custom_colors", "custom_fonts" ]

[node name="Audio_Mouseover" type="AudioStreamPlayer" parent="."]
pause_mode = 2
stream = ExtResource( 5 )
volume_db = 0.0
pitch_scale = 1.0
autoplay = false
stream_paused = false
mix_target = 0
bus = "UI"
_sections_unfolded = [ "Pause", "Script" ]

[node name="Audio_Selected" type="AudioStreamPlayer" parent="."]
pause_mode = 2
stream = ExtResource( 6 )
volume_db = 0.0
pitch_scale = 1.0
autoplay = false
stream_paused = false
mix_target = 0
bus = "UI"
_sections_unfolded = [ "Pause" ]

[node name="Timer" type="Timer" parent="."]
process_mode = 1
wait_time = 0.02
one_shot = false
autostart = true

[connection signal="mouse_entered" from="Button_Back" to="." method="back_mouseover"]
[connection signal="pressed" from="Button_Back" to="." method="back_pressed"]
[connection signal="timeout" from="Timer" to="." method="type_letter"]
