[gd_scene load_steps=9 format=2]

[ext_resource path="res://scripts/ui/OptionsMenu.gd" type="Script" id=1]
[ext_resource path="res://fonts/font_headings.tres" type="DynamicFont" id=2]
[ext_resource path="res://materials/UI_Addition.tres" type="Material" id=3]
[ext_resource path="res://fonts/font_text.tres" type="DynamicFont" id=4]
[ext_resource path="res://fonts/font_buttons.tres" type="DynamicFont" id=5]
[ext_resource path="res://sounds/ui/mouseover.ogg" type="AudioStream" id=6]
[ext_resource path="res://sounds/ui/select.ogg" type="AudioStream" id=7]

[sub_resource type="CanvasItemMaterial" id=1]

render_priority = 0
blend_mode = 1
light_mode = 0

[node name="OptionsMenu" type="Control"]
anchor_left = 0.5
anchor_top = 0.5
anchor_right = 0.5
anchor_bottom = 0.5
margin_left = -270.0
margin_top = -480.0
margin_right = 270.0
margin_bottom = 480.0
rect_pivot_offset = Vector2( 0, 0 )
rect_clip_content = false
mouse_filter = 0
mouse_default_cursor_shape = 0
size_flags_horizontal = 1
size_flags_vertical = 1
script = ExtResource( 1 )
_sections_unfolded = [ "Material", "Script" ]

[node name="Label_Title" type="Label" parent="."]
material = SubResource( 1 )
anchor_left = 0.0
anchor_top = 0.0
anchor_right = 1.0
anchor_bottom = 0.0
margin_top = 30.0
margin_bottom = 14.0
rect_pivot_offset = Vector2( 0, 0 )
rect_clip_content = false
mouse_filter = 2
mouse_default_cursor_shape = 0
size_flags_horizontal = 1
size_flags_vertical = 4
custom_fonts/font = ExtResource( 2 )
custom_colors/font_color = Color( 0.588235, 0.784314, 0.588235, 1 )
text = "Options"
align = 1
percent_visible = 1.0
lines_skipped = 0
max_lines_visible = -1
_sections_unfolded = [ "Margin", "Material", "Rect", "custom_colors", "custom_fonts", "material" ]

[node name="GridContainer" type="GridContainer" parent="."]
anchor_left = 0.5
anchor_top = 0.5
anchor_right = 0.5
anchor_bottom = 0.5
margin_left = -183.5
margin_top = -83.0
margin_right = 183.5
margin_bottom = 83.0
rect_pivot_offset = Vector2( 0, 0 )
rect_clip_content = false
mouse_filter = 1
mouse_default_cursor_shape = 0
size_flags_horizontal = 1
size_flags_vertical = 1
custom_constants/vseparation = 10
custom_constants/hseparation = 20
columns = 2
_sections_unfolded = [ "custom_constants" ]

[node name="Label_Volume_BGM" type="Label" parent="GridContainer"]
material = ExtResource( 3 )
anchor_left = 0.0
anchor_top = 0.0
anchor_right = 0.0
anchor_bottom = 0.0
margin_right = 147.0
margin_bottom = 34.0
rect_min_size = Vector2( 100, 0 )
rect_pivot_offset = Vector2( 0, 0 )
rect_clip_content = false
mouse_filter = 2
mouse_default_cursor_shape = 0
size_flags_horizontal = 1
size_flags_vertical = 4
custom_fonts/font = ExtResource( 4 )
custom_colors/font_color = Color( 0.588235, 0.784314, 0.588235, 1 )
custom_colors/font_color_shadow = Color( 0, 0, 0, 1 )
text = "BGM"
align = 2
percent_visible = 1.0
lines_skipped = 0
max_lines_visible = -1
_sections_unfolded = [ "Hint", "Material", "Pause", "Rect", "Script", "custom_colors", "custom_fonts" ]

[node name="HSlider_Volume_BGM" type="HSlider" parent="GridContainer"]
anchor_left = 0.0
anchor_top = 0.0
anchor_right = 0.0
anchor_bottom = 0.0
margin_left = 167.0
margin_right = 367.0
margin_bottom = 25.0
rect_min_size = Vector2( 200, 25 )
rect_pivot_offset = Vector2( 0, 0 )
rect_clip_content = false
focus_mode = 2
mouse_filter = 0
mouse_default_cursor_shape = 0
size_flags_horizontal = 1
size_flags_vertical = 0
min_value = 0.0
max_value = 1.0
step = 0.0
page = 0.0
value = 0.0
exp_edit = false
rounded = false
allow_greater = false
allow_lesser = false
editable = true
scrollable = true
tick_count = 0
ticks_on_borders = false
focus_mode = 2
_sections_unfolded = [ "Rect", "Theme", "custom_icons" ]

[node name="Label_Volume_SFX" type="Label" parent="GridContainer"]
material = ExtResource( 3 )
anchor_left = 0.0
anchor_top = 0.0
anchor_right = 0.0
anchor_bottom = 0.0
margin_top = 44.0
margin_right = 147.0
margin_bottom = 78.0
rect_min_size = Vector2( 100, 0 )
rect_pivot_offset = Vector2( 0, 0 )
rect_clip_content = false
mouse_filter = 2
mouse_default_cursor_shape = 0
size_flags_horizontal = 1
size_flags_vertical = 4
custom_fonts/font = ExtResource( 4 )
custom_colors/font_color = Color( 0.588235, 0.784314, 0.588235, 1 )
text = "SFX"
align = 2
percent_visible = 1.0
lines_skipped = 0
max_lines_visible = -1
_sections_unfolded = [ "Hint", "Material", "Rect", "custom_colors", "custom_fonts" ]

[node name="HSlider_Volume_SFX" type="HSlider" parent="GridContainer"]
anchor_left = 0.0
anchor_top = 0.0
anchor_right = 0.0
anchor_bottom = 0.0
margin_left = 167.0
margin_top = 44.0
margin_right = 367.0
margin_bottom = 69.0
rect_min_size = Vector2( 200, 25 )
rect_pivot_offset = Vector2( 0, 0 )
rect_clip_content = false
focus_mode = 2
mouse_filter = 0
mouse_default_cursor_shape = 0
size_flags_horizontal = 1
size_flags_vertical = 0
min_value = 0.0
max_value = 1.0
step = 0.0
page = 0.0
value = 1.0
exp_edit = false
rounded = false
allow_greater = false
allow_lesser = false
editable = true
scrollable = true
tick_count = 0
ticks_on_borders = false
focus_mode = 2
_sections_unfolded = [ "Rect", "Theme", "custom_icons", "custom_styles", "custom_styles/slider", "theme" ]

[node name="Label_Volume_UI" type="Label" parent="GridContainer"]
material = ExtResource( 3 )
anchor_left = 0.0
anchor_top = 0.0
anchor_right = 0.0
anchor_bottom = 0.0
margin_top = 88.0
margin_right = 147.0
margin_bottom = 122.0
rect_min_size = Vector2( 100, 0 )
rect_pivot_offset = Vector2( 0, 0 )
rect_clip_content = false
mouse_filter = 2
mouse_default_cursor_shape = 0
size_flags_horizontal = 1
size_flags_vertical = 4
custom_fonts/font = ExtResource( 4 )
custom_colors/font_color = Color( 0.588235, 0.784314, 0.588235, 1 )
text = "UI"
align = 2
percent_visible = 1.0
lines_skipped = 0
max_lines_visible = -1
_sections_unfolded = [ "Hint", "Material", "Rect", "custom_colors", "custom_fonts" ]

[node name="HSlider_Volume_UI" type="HSlider" parent="GridContainer"]
anchor_left = 0.0
anchor_top = 0.0
anchor_right = 0.0
anchor_bottom = 0.0
margin_left = 167.0
margin_top = 88.0
margin_right = 367.0
margin_bottom = 113.0
rect_min_size = Vector2( 200, 25 )
rect_pivot_offset = Vector2( 0, 0 )
rect_clip_content = false
focus_mode = 2
mouse_filter = 0
mouse_default_cursor_shape = 0
size_flags_horizontal = 1
size_flags_vertical = 0
min_value = 0.0
max_value = 1.0
step = 0.0
page = 0.0
value = 0.0
exp_edit = false
rounded = false
allow_greater = false
allow_lesser = false
editable = true
scrollable = true
tick_count = 0
ticks_on_borders = false
focus_mode = 2
_sections_unfolded = [ "Rect", "Theme", "custom_icons" ]

[node name="Label_CameraShake" type="Label" parent="GridContainer"]
material = ExtResource( 3 )
anchor_left = 0.0
anchor_top = 0.0
anchor_right = 0.0
anchor_bottom = 0.0
margin_top = 132.0
margin_right = 147.0
margin_bottom = 166.0
rect_min_size = Vector2( 100, 0 )
rect_pivot_offset = Vector2( 0, 0 )
rect_clip_content = false
mouse_filter = 2
mouse_default_cursor_shape = 0
size_flags_horizontal = 1
size_flags_vertical = 4
custom_fonts/font = ExtResource( 4 )
custom_colors/font_color = Color( 0.588235, 0.784314, 0.588235, 1 )
text = "Camera Shake"
align = 2
percent_visible = 1.0
lines_skipped = 0
max_lines_visible = -1
_sections_unfolded = [ "Hint", "Material", "Rect", "custom_colors", "custom_fonts" ]

[node name="CheckBox_CameraShake" type="CheckBox" parent="GridContainer"]
anchor_left = 0.0
anchor_top = 0.0
anchor_right = 0.0
anchor_bottom = 0.0
margin_left = 167.0
margin_top = 132.0
margin_right = 191.0
margin_bottom = 156.0
rect_pivot_offset = Vector2( 0, 0 )
rect_clip_content = false
focus_mode = 2
mouse_filter = 0
mouse_default_cursor_shape = 0
size_flags_horizontal = 0
size_flags_vertical = 0
toggle_mode = true
enabled_focus_mode = 2
shortcut = null
group = null
flat = false
align = 0
_sections_unfolded = [ "Grow Direction", "Rect", "Size Flags", "Theme" ]

[node name="Label_Shaders" type="Label" parent="GridContainer"]
material = ExtResource( 3 )
anchor_left = 0.0
anchor_top = 0.0
anchor_right = 0.0
anchor_bottom = 0.0
margin_top = 176.0
margin_right = 147.0
margin_bottom = 210.0
rect_min_size = Vector2( 100, 0 )
rect_pivot_offset = Vector2( 0, 0 )
rect_clip_content = false
mouse_filter = 2
mouse_default_cursor_shape = 0
size_flags_horizontal = 1
size_flags_vertical = 4
custom_fonts/font = ExtResource( 4 )
custom_colors/font_color = Color( 0.588235, 0.784314, 0.588235, 1 )
text = "Shaders"
align = 2
percent_visible = 1.0
lines_skipped = 0
max_lines_visible = -1
_sections_unfolded = [ "Hint", "Material", "Rect", "custom_colors", "custom_fonts" ]

[node name="CheckBox_Shaders" type="CheckBox" parent="GridContainer"]
anchor_left = 0.0
anchor_top = 0.0
anchor_right = 0.0
anchor_bottom = 0.0
margin_left = 167.0
margin_top = 176.0
margin_right = 191.0
margin_bottom = 200.0
rect_pivot_offset = Vector2( 0, 0 )
rect_clip_content = false
focus_mode = 2
mouse_filter = 0
mouse_default_cursor_shape = 0
size_flags_horizontal = 0
size_flags_vertical = 0
toggle_mode = true
enabled_focus_mode = 2
shortcut = null
group = null
flat = false
align = 0
_sections_unfolded = [ "Grow Direction", "Rect", "Size Flags", "Theme" ]

[node name="Button_Controls" type="Button" parent="."]
anchor_left = 0.5
anchor_top = 0.5
anchor_right = 0.5
anchor_bottom = 0.5
margin_left = -92.0
margin_top = 360.0
margin_right = 92.0
margin_bottom = 401.0
rect_pivot_offset = Vector2( 0, 0 )
rect_clip_content = false
focus_mode = 2
mouse_filter = 0
mouse_default_cursor_shape = 0
size_flags_horizontal = 1
size_flags_vertical = 1
custom_fonts/font = ExtResource( 5 )
custom_colors/font_color = Color( 0.588235, 0.784314, 0.588235, 1 )
toggle_mode = false
enabled_focus_mode = 2
shortcut = null
group = null
text = "Controls"
flat = true
align = 1
_sections_unfolded = [ "Margin", "Rect", "custom_colors", "custom_fonts" ]

[node name="Button_Back" type="Button" parent="."]
anchor_left = 0.5
anchor_top = 1.0
anchor_right = 0.5
anchor_bottom = 1.0
margin_left = -48.0
margin_top = -60.0
margin_right = 48.0
margin_bottom = -20.0
rect_pivot_offset = Vector2( 0, 0 )
rect_clip_content = false
focus_mode = 2
mouse_filter = 0
mouse_default_cursor_shape = 0
size_flags_horizontal = 1
size_flags_vertical = 1
custom_fonts/font = ExtResource( 5 )
custom_colors/font_color = Color( 0.588235, 0.784314, 0.588235, 1 )
toggle_mode = false
enabled_focus_mode = 2
shortcut = null
group = null
text = "Back"
flat = true
align = 1
_sections_unfolded = [ "Margin", "Rect", "custom_colors", "custom_fonts" ]

[node name="Audio_Mouseover" type="AudioStreamPlayer" parent="."]
pause_mode = 2
stream = ExtResource( 6 )
volume_db = 0.0
pitch_scale = 1.0
autoplay = false
stream_paused = false
mix_target = 0
bus = "UI"
_sections_unfolded = [ "Pause", "Script" ]

[node name="Audio_Selected" type="AudioStreamPlayer" parent="."]
pause_mode = 2
stream = ExtResource( 7 )
volume_db = 0.0
pitch_scale = 1.0
autoplay = false
stream_paused = false
mix_target = 0
bus = "UI"
_sections_unfolded = [ "Pause" ]

[connection signal="mouse_entered" from="GridContainer/HSlider_Volume_BGM" to="." method="mouseover"]
[connection signal="value_changed" from="GridContainer/HSlider_Volume_BGM" to="." method="_volume_bgm_changed"]
[connection signal="mouse_entered" from="GridContainer/HSlider_Volume_SFX" to="." method="mouseover"]
[connection signal="value_changed" from="GridContainer/HSlider_Volume_SFX" to="." method="_volume_sfx_changed"]
[connection signal="mouse_entered" from="GridContainer/HSlider_Volume_UI" to="." method="mouseover"]
[connection signal="value_changed" from="GridContainer/HSlider_Volume_UI" to="." method="_volume_ui_changed"]
[connection signal="mouse_entered" from="GridContainer/CheckBox_CameraShake" to="." method="mouseover"]
[connection signal="toggled" from="GridContainer/CheckBox_CameraShake" to="." method="_camera_shake_changed"]
[connection signal="mouse_entered" from="GridContainer/CheckBox_Shaders" to="." method="mouseover"]
[connection signal="toggled" from="GridContainer/CheckBox_Shaders" to="." method="_use_shaders_changed"]
[connection signal="mouse_entered" from="Button_Controls" to="." method="mouseover"]
[connection signal="pressed" from="Button_Controls" to="." method="_show_controls"]
[connection signal="mouse_entered" from="Button_Back" to="." method="mouseover"]
[connection signal="pressed" from="Button_Back" to="." method="back_pressed"]
